@article{janssen,
  title={Immunogenicity of {Ad26. COV2. S} vaccine against {SARS-CoV-2} variants in humans},
  author={Alter, Galit and Yu, Jingyou and Liu, Jinyan and Chandrashekar, Abishek and Borducchi, Erica N and Tostanoski, Lisa H and McMahan, Katherine and Jacob-Dolan, Catherine and Martinez, David R and Chang, Aiquan and others},
  journal={Nature},
  pages={1--5},
  year={2021},
  publisher={Nature Publishing Group}
}

@article{metaclonotypes,
  title={{TCR} meta-clonotypes for biomarker discovery with tcrdist3: quantification of public, {HLA}-restricted {TCR} biomarkers of {SARS-CoV-2} infection},
  author={Mayer-Blackwell, Koshlan and Schattgen, Stefan and Cohen-Lavi, Liel and Crawford, Jeremy Chase and Souquette, Aisha and Gaevert, Jessica A and Hertz, Tomer and Thomas, Paul G and Bradley, Philip and Fiore-Gartland, Andrew},
  journal={bioRxiv},
  year={2020},
  publisher={Cold Spring Harbor Laboratory Preprints}
}

@article{tcrdist,
  title={Quantifiable predictive features define epitope-specific T cell receptor repertoires},
  author={Dash, Pradyot and Fiore-Gartland, Andrew J and Hertz, Tomer and Wang, George C and Sharma, Shalini and Souquette, Aisha and Crawford, Jeremy Chase and Clemens, E Bridie and Nguyen, Thi HO and Kedzierska, Katherine and others},
  journal={Nature},
  volume={547},
  number={7661},
  pages={89--93},
  year={2017},
  publisher={Nature Publishing Group}
}

@Article{igraph,
    title = {The igraph software package for complex network research},
    author = {Gabor Csardi and Tamas Nepusz},
    journal = {InterJournal},
    volume = {Complex Systems},
    pages = {1695},
    year = {2006},
    url = {https://igraph.org},
  }

  @Manual{r,
      title = {R: A Language and Environment for Statistical Computing},
      author = {{R Core Team}},
      organization = {R Foundation for Statistical Computing},
      address = {Vienna, Austria},
      year = {2019},
      url = {https://www.R-project.org/},
    }

  @Manual{dplyr,
      title = {dplyr: A Grammar of Data Manipulation},
      author = {Hadley Wickham and Romain François and Lionel {
               Henry} and Kirill Müller},
      year = {2020},
      note = {R package version 1.0.2},
      url = {https://CRAN.R-project.org/package=dplyr},
    }

  @Manual{tidyr,
   title = {tidyr: Tidy Messy Data},
   author = {Hadley Wickham},
   year = {2020},
   note = {R package version 1.1.2},
   url = {https://CRAN.R-project.org/package=tidyr},
 }

   @Manual{rstatix,
    title = {rstatix: Pipe-Friendly Framework for Basic Statistical Tests},
    author = {Alboukadel Kassambara},
    year = {2021},
    note = {R package version 0.7.0},
    url = {https://CRAN.R-project.org/package=rstatix},
  }

  @Manual{ggraph,
    title = {ggraph: An Implementation of Grammar of Graphics for Graphs and Networks},
    author = {Thomas Lin Pedersen},
    year = {2020},
    note = {R package version 2.0.2},
    url = {https://CRAN.R-project.org/package=ggraph},
  }

  @Book{ggplot2,
    author = {Hadley Wickham},
    title = {ggplot2: Elegant Graphics for Data Analysis},
    publisher = {Springer-Verlag New York},
    year = {2016},
    isbn = {978-3-319-24277-4},
    url = {https://ggplot2.tidyverse.org},
  }

  @Manual{ggpubr,
    title = {ggpubr: 'ggplot2' Based Publication Ready Plots},
    author = {Alboukadel Kassambara},
    year = {2020},
    note = {R package version 0.4.0},
    url = {https://CRAN.R-project.org/package=ggpubr},
  }
